@article{douglas/balanced-product,
    title        = {The balanced tensor product of module categories},
    author       = {Christopher L. Douglas and Christopher Schommer-Pries and Noah Snyder},
    year         = 2019,
    journal      = {Kyoto J. Math},
    volume       = 59,
    number       = 01,
    doi          = {10.1215/21562261-2018-0006}
}

@article{kong/topological-order,
    title        = {Boundary-bulk relation in topological orders},
    author       = {Liang Kong and Xiao-Gang Wen and Hao Zheng},
    year         = 2017,
    journal      = {Nucl. Phys.},
    volume       = 922,
    doi          = {https://doi.org/10.1016/j.nuclphysb.2017.06.023}
}

@article{douglas/dualizable-tensor-categories,
    title        = {Dualizable tensor categories},
    author       = {Christopher L. Douglas and Christopher Schommer-Pries and Noah Snyder},
    year         = 2013,
    journal      = {arXiv:1312.7188}
}

@article{kirillov/string-net-tv,
    title        = {String-net model of Turaev-Viro invariants},
    author       = {Alexander Kirillov Jr},
    year         = 2011,
    journal      = {arXiv:1106.6033}
}

@article{maurer/computing-center,
    title        = {Computing the center of a fusion category},
    author       = {Fabian MÃ¤urer and Ulrich Thiel},
    year         = 2024,
    journal      = {arXiv:2406.13438}
}

@article{etingof/fusion-cat-and-homotopy,
    title        = {Fusion categories and homotopy theory},
    author       = {Pavel Etingof and Dmitri Nikshych and Victor Ostrik and Ehud Meir},
    year         = 2009,
    journal      = {arXiv:0909.3140}
}

@article{kirillov/fact-homo-4d-tqft,
    title        = {Factorization Homology and 4D TQFT},
    author       = {Alexander Kirillov Jr and Ying Hong Tham},
    year         = 2022,
    journal      = {Quantum Topology},
    volume       = 13,
    number       = 01,
    doi          = {10.4171/QT/159}
}

@article{hoek/master,
    title        = {Drinfeld centers for bimodule categories},
    author       = {Keeley Hoek},
    year         = 2019,
    journal      = {Master Thesis}
}

@article{douglas/fusion-2-cat-4d-tqft,
    title        = {Fusion 2-categories and a state-sum invariant for 4-manifolds},
    author       = {Christopher L. Douglas and David J. Reutter},
    year         = 2018,
    journal      = {arXiv:1812.11933}
}

@article{reutter/no-go-exotic,
    title        = {Semisimple 4-dimensional topological field theories cannot detect exotic smooth structure},
    author       = {David Reutter},
    year         = 2020,
    journal      = {arXiv:2001.02288}
}

@article{meusburger/defect-tv,
    title        = {State sum models with defects based on spherical fusion categories},
    author       = {Catherine Meusburger},
    year         = 2022,
    journal      = {arXiv:2205.06874}
}

@article{davydov/picard,
    title        = {The Picard crossed module of a braided tensor category},
    author       = {Alexei Davydov and Dmitri Nikshych},
    year         = 2012,
    journal      = {arXiv:1202.0061}
}
